{"btc_usdt":[{"type":"ask","price":24599.999,"amount":0.00002019,"tid":200315285,"timestamp":1660487587},{"type":"ask","price":24641.18949852,"amount":0.00002243,"tid":200315284,"timestamp":1660487444},{"type":"bid","price":24650,"amount":0.00013377,"tid":200315283,"timestamp":1660487104},{"type":"bid","price":24641.18949852,"amount":0.00009931,"tid":200315282,"timestamp":1660486738},{"type":"bid","price":24641.18949852,"amount":0.00012174,"tid":200315281,"timestamp":1660486723},{"type":"bid","price":24599.999,"amount":0.00010176,"tid":200315280,"timestamp":1660486705},{"type":"bid","price":24599.999,"amount":0.00012195,"tid":200315279,"timestamp":1660486690},{"type":"bid","price":24599.999,"amount":0.00014902,"tid":200315278,"timestamp":1660486676},{"type":"bid","price":24599.999,"amount":0.00012195,"tid":200315277,"timestamp":1660486675},{"type":"ask","price":24253.10883168,"amount":0.00012798,"tid":200315276,"timestamp":1660486671},{"type":"ask","price":24253.10883168,"amount":0.00017071,"tid":200315275,"timestamp":1660486646},{"type":"ask","price":24216.05770938,"amount":0.00159998,"tid":200315274,"timestamp":1660486613},{"type":"ask","price":24500,"amount":0.00024938,"tid":200315273,"timestamp":1660486613},{"type":"ask","price":24599.99899999,"amount":0.00002344,"tid":200315272,"timestamp":1660486591},{"type":"bid","price":24599.999,"amount":0.00010748,"tid":200315271,"timestamp":1660486587},{"type":"bid","price":24599.999,"amount":0.00012195,"tid":200315270,"timestamp":1660486313},{"type":"bid","price":24599.999,"amount":0.00012195,"tid":200315269,"timestamp":1660486290},{"type":"bid","price":24599.999,"amount":0.00012195,"tid":200315268,"timestamp":1660486275},{"type":"bid","price":24599.999,"amount":0.00012195,"tid":200315267,"timestamp":1660486256},{"type":"bid","price":24599.999,"amount":0.00012195,"tid":200315266,"timestamp":1660486234},{"type":"bid","price":24599.99899999,"amount":0.00018141,"tid":200315265,"timestamp":1660486193},{"type":"ask","price":24500,"amount":0.00014668,"tid":200315264,"timestamp":1660486188},{"type":"bid","price":24599.999,"amount":0.00020447,"tid":200315263,"timestamp":1660486099},{"type":"bid","price":24599.99999999,"amount":0.0002018,"tid":200315262,"timestamp":1660485895},{"type":"ask","price":24276.84094061,"amount":0.00015007,"tid":200315261,"timestamp":1660485893},{"type":"ask","price":24243,"amount":0.00017009,"tid":200315260,"timestamp":1660485832},{"type":"bid","price":24599.99999999,"amount":0.00013779,"tid":200315259,"timestamp":1660485784},{"type":"ask","price":24242.18955141,"amount":0.00013367,"tid":200315258,"timestamp":1660485690},{"type":"bid","price":24599.99999999,"amount":0.00021833,"tid":200315257,"timestamp":1660485674},{"type":"ask","price":24242.18955141,"amount":0.00015008,"tid":200315256,"timestamp":1660485672},{"type":"ask","price":24265.18949852,"amount":0.00014896,"tid":200315255,"timestamp":1660485555},{"type":"bid","price":24632.15753407,"amount":0.00020757,"tid":200315254,"timestamp":1660485516},{"type":"ask","price":24265.18949852,"amount":0.00014762,"tid":200315253,"timestamp":1660485509},{"type":"bid","price":24641.57750396,"amount":0.00012884,"tid":200315252,"timestamp":1660485432},{"type":"ask","price":24265.18949852,"amount":0.00017305,"tid":200315251,"timestamp":1660485432},{"type":"ask","price":24265.18949852,"amount":0.00013137,"tid":200315250,"timestamp":1660485398},{"type":"ask","price":24242.4462955,"amount":0.0001776,"tid":200315249,"timestamp":1660485232},{"type":"ask","price":24341.67343366,"amount":0.00020397,"tid":200315248,"timestamp":1660485029},{"type":"ask","price":24341.67343366,"amount":0.00020686,"tid":200315247,"timestamp":1660484998},{"type":"bid","price":24641.57750396,"amount":0.0002021,"tid":200315246,"timestamp":1660484970},{"type":"ask","price":24334.90974319,"amount":0.00014916,"tid":200315245,"timestamp":1660484965},{"type":"ask","price":24326.75684658,"amount":0.00022143,"tid":200315244,"timestamp":1660484933},{"type":"ask","price":24316.99000601,"amount":0.00043676,"tid":200315243,"timestamp":1660484805},{"type":"bid","price":24315.64051449,"amount":0.00013947,"tid":200315242,"timestamp":1660484600},{"type":"ask","price":24280.40444798,"amount":0.00020129,"tid":200315241,"timestamp":1660484594},{"type":"bid","price":24619.2963457,"amount":0.00025916,"tid":200315240,"timestamp":1660484563},{"type":"bid","price":24626.76699093,"amount":0.00020273,"tid":200315239,"timestamp":1660484449},{"type":"ask","price":24315.64051449,"amount":0.0001502,"tid":200315238,"timestamp":1660484435},{"type":"bid","price":24633.63548962,"amount":0.00019761,"tid":200315237,"timestamp":1660484413},{"type":"ask","price":24315.64051449,"amount":0.00014972,"tid":200315236,"timestamp":1660484411},{"type":"ask","price":24643.52612777,"amount":0.00019017,"tid":200315235,"timestamp":1660484376},{"type":"ask","price":24315.64051449,"amount":0.00031856,"tid":200315234,"timestamp":1660484374},{"type":"ask","price":24315.64051449,"amount":0.00014967,"tid":200315233,"timestamp":1660484373},{"type":"ask","price":24315.64051449,"amount":0.00022061,"tid":200315232,"timestamp":1660484189},{"type":"ask","price":24315.64051449,"amount":0.00012797,"tid":200315231,"timestamp":1660484171},{"type":"bid","price":24642.53923584,"amount":0.00019289,"tid":200315230,"timestamp":1660484138},{"type":"ask","price":24315.64051449,"amount":0.00014773,"tid":200315229,"timestamp":1660484133},{"type":"ask","price":24315.64051449,"amount":0.0001749,"tid":200315228,"timestamp":1660483951},{"type":"ask","price":24315.64051449,"amount":0.0002358,"tid":200315227,"timestamp":1660483849},{"type":"bid","price":24648.71318678,"amount":0.00012171,"tid":200315226,"timestamp":1660483743},{"type":"bid","price":24648.71318678,"amount":0.00012171,"tid":200315225,"timestamp":1660483729},{"type":"bid","price":24647.95327478,"amount":0.00012171,"tid":200315224,"timestamp":1660483714},{"type":"bid","price":24647.95327478,"amount":0.00012171,"tid":200315223,"timestamp":1660483694},{"type":"bid","price":24647.95327478,"amount":0.00012171,"tid":200315222,"timestamp":1660483679},{"type":"bid","price":24647.95327478,"amount":0.0004049,"tid":200315221,"timestamp":1660483527},{"type":"ask","price":24316.14403273,"amount":0.00035227,"tid":200315220,"timestamp":1660483437},{"type":"ask","price":24316.14403273,"amount":0.00015921,"tid":200315219,"timestamp":1660483405},{"type":"ask","price":24316.14403273,"amount":0.00010804,"tid":200315218,"timestamp":1660483342},{"type":"ask","price":24316.14403273,"amount":0.00040848,"tid":200315217,"timestamp":1660483207},{"type":"ask","price":24316.14403273,"amount":0.0001349,"tid":200315216,"timestamp":1660483130},{"type":"ask","price":24640,"amount":0.00022469,"tid":200315215,"timestamp":1660483114},{"type":"ask","price":24640,"amount":0.000125,"tid":200315214,"timestamp":1660483112},{"type":"ask","price":24371.89997961,"amount":0.00024292,"tid":200315213,"timestamp":1660482945},{"type":"ask","price":24371.89997961,"amount":0.00033358,"tid":200315212,"timestamp":1660482832},{"type":"ask","price":24371.89997961,"amount":0.00013681,"tid":200315211,"timestamp":1660482466},{"type":"ask","price":24371.89997961,"amount":0.0036974,"tid":200315210,"timestamp":1660482372},{"type":"ask","price":24330.26038001,"amount":0.00013122,"tid":200315209,"timestamp":1660482289},{"type":"ask","price":24300,"amount":0.00018155,"tid":200315208,"timestamp":1660481505},{"type":"ask","price":24323.19421657,"amount":0.00073933,"tid":200315207,"timestamp":1660481505},{"type":"ask","price":24323.19421657,"amount":0.0005,"tid":200315206,"timestamp":1660481505},{"type":"ask","price":24451.99600799,"amount":0.00012255,"tid":200315205,"timestamp":1660481504},{"type":"ask","price":24470,"amount":0.00052354,"tid":200315204,"timestamp":1660481504},{"type":"ask","price":24470,"amount":0.0001353,"tid":200315203,"timestamp":1660481504},{"type":"ask","price":24550,"amount":0.00013736,"tid":200315202,"timestamp":1660481504},{"type":"ask","price":24550.00000001,"amount":0.00009644,"tid":200315201,"timestamp":1660481504},{"type":"ask","price":24550.00000002,"amount":0.00002702,"tid":200315200,"timestamp":1660481350},{"type":"bid","price":24693.26268232,"amount":0.00421183,"tid":200315199,"timestamp":1660481087},{"type":"ask","price":24550.00000002,"amount":0.00014661,"tid":200315198,"timestamp":1660478889},{"type":"bid","price":24698,"amount":0.00016672,"tid":200315197,"timestamp":1660478558},{"type":"bid","price":24698,"amount":0.0002,"tid":200315196,"timestamp":1660476399},{"type":"ask","price":24550.00000001,"amount":0.00014647,"tid":200315195,"timestamp":1660475869},{"type":"bid","price":24700,"amount":0.00006491,"tid":200315194,"timestamp":1660475850},{"type":"bid","price":24700,"amount":0.00004921,"tid":200315193,"timestamp":1660475850},{"type":"bid","price":24700,"amount":0.00002902,"tid":200315192,"timestamp":1660475838},{"type":"bid","price":24684.60115789,"amount":0.00010803,"tid":200315191,"timestamp":1660475838},{"type":"bid","price":24684.60115789,"amount":0.00013714,"tid":200315190,"timestamp":1660475835},{"type":"ask","price":24550,"amount":0.00017251,"tid":200315189,"timestamp":1660475562},{"type":"ask","price":24550,"amount":0.00014611,"tid":200315188,"timestamp":1660475405},{"type":"ask","price":24550,"amount":0.00014474,"tid":200315187,"timestamp":1660475404},{"type":"ask","price":24550,"amount":0.00014053,"tid":200315186,"timestamp":1660475396},{"type":"ask","price":24550,"amount":0.00016501,"tid":200315185,"timestamp":1660475115},{"type":"ask","price":24550,"amount":0.00016361,"tid":200315184,"timestamp":1660474905},{"type":"ask","price":24550.00000001,"amount":0.00007922,"tid":200315183,"timestamp":1660474608},{"type":"ask","price":24550.00000001,"amount":0.00016595,"tid":200315182,"timestamp":1660474444},{"type":"ask","price":24472.93779645,"amount":0.00061695,"tid":200315181,"timestamp":1660474148},{"type":"bid","price":24700,"amount":0.00032177,"tid":200315180,"timestamp":1660474144},{"type":"bid","price":24700,"amount":0.0002,"tid":200315179,"timestamp":1660474144},{"type":"ask","price":24699.99999999,"amount":0.00006985,"tid":200315178,"timestamp":1660473763},{"type":"bid","price":24699.99999999,"amount":0.0001157,"tid":200315177,"timestamp":1660473359},{"type":"bid","price":24699.99999999,"amount":0.0001282,"tid":200315176,"timestamp":1660473349},{"type":"bid","price":24499,"amount":0.00000884,"tid":200315175,"timestamp":1660473349},{"type":"ask","price":24470,"amount":0.0001647,"tid":200315174,"timestamp":1660473211},{"type":"ask","price":24470.82409511,"amount":0.00016471,"tid":200315173,"timestamp":1660472652},{"type":"ask","price":24470.82409511,"amount":0.00016481,"tid":200315172,"timestamp":1660472439},{"type":"ask","price":24471.63607763,"amount":0.00394938,"tid":200315171,"timestamp":1660472269},{"type":"ask","price":24471.63607763,"amount":0.00012764,"tid":200315170,"timestamp":1660472266},{"type":"ask","price":24471.63607763,"amount":0.00018999,"tid":200315169,"timestamp":1660472050},{"type":"bid","price":24499,"amount":0.12066,"tid":200315168,"timestamp":1660471865},{"type":"ask","price":24500,"amount":0.00014901,"tid":200315167,"timestamp":1660471853},{"type":"ask","price":24501,"amount":0.00018215,"tid":200315166,"timestamp":1660471853},{"type":"ask","price":24501,"amount":0.0002227,"tid":200315165,"timestamp":1660471715},{"type":"bid","price":24504.12291651,"amount":0.00000487,"tid":200315164,"timestamp":1660471607},{"type":"ask","price":24500,"amount":0.00022271,"tid":200315163,"timestamp":1660471391},{"type":"bid","price":24504.12291651,"amount":0.00148,"tid":200315162,"timestamp":1660471386},{"type":"bid","price":24504.12291651,"amount":0.13052,"tid":200315161,"timestamp":1660471361},{"type":"bid","price":24504.12291651,"amount":0.00161943,"tid":200315160,"timestamp":1660471353},{"type":"bid","price":24504.12291651,"amount":0.01572516,"tid":200315159,"timestamp":1660471352},{"type":"ask","price":24504.12291651,"amount":0.01665054,"tid":200315158,"timestamp":1660471351},{"type":"ask","price":24504.42222254,"amount":0.00139133,"tid":200315157,"timestamp":1660471225},{"type":"ask","price":24504.42222255,"amount":0.0002439,"tid":200315156,"timestamp":1660471225},{"type":"bid","price":24600,"amount":0.00155,"tid":200315155,"timestamp":1660471210},{"type":"ask","price":24600,"amount":0.00008495,"tid":200315154,"timestamp":1660471195},{"type":"ask","price":24600,"amount":0.00022285,"tid":200315153,"timestamp":1660471117},{"type":"ask","price":24600,"amount":0.00013208,"tid":200315152,"timestamp":1660471112},{"type":"bid","price":24550,"amount":0.00000127,"tid":200315151,"timestamp":1660470715},{"type":"ask","price":24500,"amount":0.00024052,"tid":200315150,"timestamp":1660469809},{"type":"ask","price":24500,"amount":0.01,"tid":200315149,"timestamp":1660469058},{"type":"bid","price":24550,"amount":0.14833,"tid":200315148,"timestamp":1660468230},{"type":"bid","price":24550,"amount":0.03495981,"tid":200315147,"timestamp":1660468226},{"type":"bid","price":24550,"amount":0.04194176,"tid":200315146,"timestamp":1660468225},{"type":"ask","price":24600,"amount":0.00203665,"tid":200315145,"timestamp":1660468225},{"type":"ask","price":24602.24679815,"amount":0.00876001,"tid":200315144,"timestamp":1660468224},{"type":"ask","price":24602.24679815,"amount":0.00029464,"tid":200315143,"timestamp":1660468199},{"type":"ask","price":24650,"amount":0.00203665,"tid":200315142,"timestamp":1660468191},{"type":"ask","price":24670,"amount":0.00193385,"tid":200315141,"timestamp":1660468051},{"type":"ask","price":24670,"amount":0.0001028,"tid":200315140,"timestamp":1660467860},{"type":"bid","price":24700,"amount":0.00203665,"tid":200315139,"timestamp":1660467839},{"type":"ask","price":24660,"amount":0.00027969,"tid":200315138,"timestamp":1660467050},{"type":"bid","price":24896.61378632,"amount":0.0009257,"tid":200315137,"timestamp":1660466075},{"type":"bid","price":24897.14126669,"amount":0.00107076,"tid":200315136,"timestamp":1660465094}]}